
@book{scto01,
Author = {G. Schubert and D.L. Turcotte and P. Olson},
Publisher = {Cambridge University Press},
Title = {Mantle Convection in the Earth and Planets},
doi={10.1017/CBO9780511612879},
isbn={0-521-70000-0},
Year = {2001}}

